<?xml version="1.0" encoding="UTF-8" ?>
<collection xmlns:xsi="http://www.w3.org/2001/XMLSchema-instance"
    xsi:schemaLocation="http://www.loc.gov/MARC21/slim
        http://www.loc.gov/standards/marcxml/schema/MARC21slim.xsd"
    xmlns="http://www.loc.gov/MARC21/slim">
<record>
  <leader>00267cam a2200517 ia4500</leader>
  <controlfield tag="001">b12760894</controlfield>
  <controlfield tag="003">LeBAU</controlfield>
  <controlfield tag="005">20131107</controlfield>
  <controlfield tag="008">971107m19061908ua            ||0 0 ara d</controlfield>
  <datafield tag="035" ind1=" " ind2=" ">
    <subfield code="a">ocn784505715</subfield>
  </datafield>
  <datafield tag="040" ind1=" " ind2=" ">
    <subfield code="a">LEAUB</subfield>
    <subfield code="b">ara</subfield>
    <subfield code="e">rda</subfield>
    <subfield code="c">LEAUB</subfield>
    <subfield code="d">LEAUB</subfield>
  </datafield>
  <datafield tag="082" ind1="0" ind2="4">
    <subfield code="a">349.297</subfield>
    <subfield code="2">20</subfield>
  </datafield>
  <datafield tag="100" ind1="1" ind2=" ">
    <subfield code="6">880-01</subfield>
    <subfield code="a">ʻĀmilī, Muḥammad Jawād ibn Muḥammad,</subfield>
    <subfield code="d">1747 or 1748-1811 or 1812,</subfield>
    <subfield code="e">author.</subfield>
  </datafield>
  <datafield tag="245" ind1="1" ind2="0">
    <subfield code="6">880-02</subfield>
    <subfield code="a">Kitāb miftāḥ al-karāmah fī sharḥ qawā‘id al-‘allāmah /</subfield>
    <subfield code="c">taṣnīf al-‘allāmah al-fāḍil al-naḥrīr al-mutabaḥḥir al-muḥaqqiq al-mudaqqiq al-mutatabbi‘ al-mutqin al-awḥadī mawlānā al-Sayyid Muḥammad al-Jawād ibn Muḥammad ibn Muḥammad al-Ḥusaynī al-‘Āmilī al-mujāwir bi-al-Najaf al-Ashraf al-gharawī ḥayyan wa-maytan.</subfield>
  </datafield>
  <datafield tag="246" ind1="3" ind2="0">
    <subfield code="6">880-03</subfield>
    <subfield code="a">Miftāḥ al-karāmah fī sharḥ qawā‘id al-‘allāmah</subfield>
  </datafield>
  <datafield tag="264" ind1=" " ind2="1">
    <subfield code="6">880-04</subfield>
    <subfield code="a">Miṣr :</subfield>
    <subfield code="b">al-Maṭba‘ah al-Raḍawīyah,</subfield>
    <subfield code="c">1324-1326 H., [1906-1908? M.]</subfield>
  </datafield>
  <datafield tag="300" ind1=" " ind2=" ">
    <subfield code="6">880-05</subfield>
    <subfield code="a">7 volumes ;</subfield>
    <subfield code="c">30 cm</subfield>
  </datafield>
  <datafield tag="336" ind1=" " ind2=" ">
    <subfield code="a">text</subfield>
    <subfield code="b">txt</subfield>
    <subfield code="2">rdacontent</subfield>
  </datafield>
  <datafield tag="337" ind1=" " ind2=" ">
    <subfield code="a">unmediated</subfield>
    <subfield code="b">n</subfield>
    <subfield code="2">rdamedia</subfield>
  </datafield>
  <datafield tag="338" ind1=" " ind2=" ">
    <subfield code="a">volume</subfield>
    <subfield code="b">nc</subfield>
    <subfield code="2">rdacarrier</subfield>
  </datafield>
  <datafield tag="500" ind1=" " ind2=" ">
    <subfield code="a">الأجزاء 2-5 طبعت في مطبعة الشورى،القاهرة.</subfield>
  </datafield>
  <datafield tag="500" ind1=" " ind2=" ">
    <subfield code="a">الجزء السادس طبع في مطبعة الفيحاء، دمشق.</subfield>
  </datafield>
  <datafield tag="500" ind1=" " ind2=" ">
    <subfield code="a">صفحة عنوان الجزء الرابع مفتقدة.</subfield>
  </datafield>
  <datafield tag="588" ind1=" " ind2=" ">
    <subfield code="a">الوصف يستند إلى الجزء الأول.</subfield>
  </datafield>
  <datafield tag="600" ind1="1" ind2="4">
    <subfield code="a">ابن المطهر الحلي، الحسن بن يوسف،</subfield>
    <subfield code="d">1250-1325.</subfield>
    <subfield code="t">قواعد الأحكام في معرفة الحلال والحرام.</subfield>
  </datafield>
  <datafield tag="600" ind1="1" ind2="0">
    <subfield code="a">Ibn al-Muṭahhar al-Ḥillī, al-Ḥasan ibn Yūsuf,</subfield>
    <subfield code="d">1250-1325.</subfield>
    <subfield code="t">Qawāʻid al-aḥkām fī maʻrifat al-ḥalāl wa-al-ḥarām.</subfield>
  </datafield>
  <datafield tag="650" ind1=" " ind2="4">
    <subfield code="a">الفقه الاسلامي</subfield>
    <subfield code="x">تفسير وبنية</subfield>
    <subfield code="v">اعمال قديمة حتى 1800.</subfield>
  </datafield>
  <datafield tag="650" ind1=" " ind2="4">
    <subfield code="a">الشيعة</subfield>
    <subfield code="v">اعمال قديمة حتى 1800.</subfield>
  </datafield>
  <datafield tag="650" ind1=" " ind2="0">
    <subfield code="a">Islamic law</subfield>
    <subfield code="x">Interpretation and construction</subfield>
    <subfield code="v">Early works to 1800.</subfield>
  </datafield>
  <datafield tag="650" ind1=" " ind2="0">
    <subfield code="a">Shiites</subfield>
    <subfield code="v">Early works to 1800.</subfield>
  </datafield>
  <datafield tag="852" ind1=" " ind2=" ">
    <subfield code="a">Jafet Library</subfield>
    <subfield code="e">American University of Beirut, Bliss Street , Beirut, Lebanon.</subfield>
  </datafield>
  <datafield tag="880" ind1="1" ind2=" ">
    <subfield code="6">100-01/(3/r</subfield>
    <subfield code="a">العاملي، محمد جواد بن محمد،</subfield>
    <subfield code="d">1747 أو 1748-1811 أو 1812،</subfield>
    <subfield code="e">مؤلف. </subfield>
    <subfield code="4">aut.</subfield>
  </datafield>
  <datafield tag="880" ind1="1" ind2="0">
    <subfield code="6">245-02/(3/r</subfield>
    <subfield code="a">كتاب مفتاح الكرامة في شرح قواعد العلامة /</subfield>
    <subfield code="c">تصنيف العلامة الفاضل النحرير المتبحر المحقق المدقق المتتبع المتقن الأوحدي مولانا السيد محمد الجواد بن محمد بن محمد الحسيني العاملي المجاور بالنجف الأشرف الغروي حيا وميتا.</subfield>
  </datafield>
  <datafield tag="880" ind1="3" ind2="0">
    <subfield code="6">246-03/(3/r</subfield>
    <subfield code="a">مفتاح الكرامة في شرح قواعد العلامة</subfield>
  </datafield>
  <datafield tag="880" ind1=" " ind2="1">
    <subfield code="6">264-04/(3/r</subfield>
    <subfield code="a">مصر :</subfield>
    <subfield code="b">المطبعة الرضوية،</subfield>
    <subfield code="c">1324-1326 هـ.، [1906-1908؟ م.]</subfield>
  </datafield>
  <datafield tag="880" ind1=" " ind2=" ">
    <subfield code="6">300-05/(3/r</subfield>
    <subfield code="a">7 أجزاء ؛</subfield>
    <subfield code="c">30 سم</subfield>
  </datafield>
  <datafield tag="907" ind1=" " ind2=" ">
    <subfield code="a">.b12760894</subfield>
    <subfield code="b">16-12-12</subfield>
    <subfield code="c">11-05-24</subfield>
  </datafield>
  <datafield tag="907" ind1=" " ind2=" ">
    <subfield code="a">.b12760894</subfield>
    <subfield code="b">11-10-11</subfield>
    <subfield code="c">11-05-24</subfield>
  </datafield>
  <datafield tag="945" ind1=" " ind2=" ">
    <subfield code="f">F</subfield>
    <subfield code="a">349.297:A51mA:v.1:c.1</subfield>
    <subfield code="g">1</subfield>
    <subfield code="i">01064396</subfield>
    <subfield code="j">.i13335716</subfield>
    <subfield code="l">u0504</subfield>
  </datafield>
  <datafield tag="945" ind1=" " ind2=" ">
    <subfield code="f">F</subfield>
    <subfield code="a">349.297:A51mA:v.2:c.1</subfield>
    <subfield code="g">1</subfield>
    <subfield code="i">01064397</subfield>
    <subfield code="j">.i13335728</subfield>
    <subfield code="l">u0504</subfield>
  </datafield>
  <datafield tag="945" ind1=" " ind2=" ">
    <subfield code="f">F</subfield>
    <subfield code="a">349.297:A51mA:v.3:c.1</subfield>
    <subfield code="g">1</subfield>
    <subfield code="i">01064398</subfield>
    <subfield code="j">.i1333573x</subfield>
    <subfield code="l">u0504</subfield>
  </datafield>
  <datafield tag="945" ind1=" " ind2=" ">
    <subfield code="f">F</subfield>
    <subfield code="a">349.297:A51mA:v.4:c.1</subfield>
    <subfield code="g">1</subfield>
    <subfield code="i">01064399</subfield>
    <subfield code="j">.i13335741</subfield>
    <subfield code="l">u0504</subfield>
  </datafield>
  <datafield tag="945" ind1=" " ind2=" ">
    <subfield code="f">F</subfield>
    <subfield code="a">349.297:A51mA:v.5:c.1</subfield>
    <subfield code="g">1</subfield>
    <subfield code="i">01064400</subfield>
    <subfield code="j">.i13335753</subfield>
    <subfield code="l">u0504</subfield>
  </datafield>
  <datafield tag="945" ind1=" " ind2=" ">
    <subfield code="f">F</subfield>
    <subfield code="a">349.297:A51mA:v.6:c.1</subfield>
    <subfield code="g">1</subfield>
    <subfield code="i">01064401</subfield>
    <subfield code="j">.i13335765</subfield>
    <subfield code="l">u0504</subfield>
  </datafield>
  <datafield tag="945" ind1=" " ind2=" ">
    <subfield code="f">F</subfield>
    <subfield code="a">349.297:A51mA:v.7:c.1</subfield>
    <subfield code="g">1</subfield>
    <subfield code="i">01064402</subfield>
    <subfield code="j">.i13335777</subfield>
    <subfield code="l">u0504</subfield>
  </datafield>
  <datafield tag="998" ind1=" " ind2=" ">
    <subfield code="a">u05</subfield>
    <subfield code="b">97-11-07</subfield>
    <subfield code="c">m</subfield>
    <subfield code="d">a</subfield>
    <subfield code="e">-</subfield>
    <subfield code="f">ara</subfield>
    <subfield code="g">ua </subfield>
    <subfield code="h">0</subfield>
    <subfield code="i">7</subfield>
  </datafield>
</record>
</collection>
